@book{stephenson1994myxomycetes,
  title={Myxomycetes; a handbook of slime molds},
  author={Stephenson, Steven L Stephenson and Steven, L and others},
  number={04; QK635. A1, S8.},
  year={1994}
}
